
@misc{song2003spherical,
  title={Spherical joint for coupling three or more links together at one point},
  author={Song, S.K. and Kwon, D.S. and Kim, W.S.},
  url={http://www.google.com/patents/US6568871},
  year={2003},
  month=may # "~27",
  publisher={Google Patents},
  note={US Patent 6,568,871}
}

@misc{richard1961synergetic,
  title={Synergetic building construction},
  author={Fuller, R.B.},
  url={https://www.google.com/patents/US2986241},
  year={1961},
  month=may # "~30",
  publisher={Google Patents},
  note={US Patent 2,986,241}
}

@book{ambrose1993building,
  title={Building Structures},
  author={Ambrose, J.},
  isbn={9780471540601},
  lccn={lc92016362},
  url={https://books.google.com/books?id=5Wjxjpedi4sC},
  year={1993},
  publisher={Wiley}
}

@book{fuller1982synergetics,
  title={Synergetics: explorations in the geometry of thinking},
  author={Fuller, R.B. and Applewhite, E.J.},
  isbn={9780025418707},
  lccn={81011798},
  url={https://books.google.com/books?id=G8baAAAAMAAJ},
  year={1982},
  publisher={Macmillan}
}

@book{liljeb√§ck2012snake,
  title={Snake Robots: Modelling, Mechatronics, and Control},
  author={Liljeb{\"a}ck, P. and Pettersen, K.Y. and Stavdahl, O. and Gravdahl, J.T.},
  isbn={9781447129967},
  series={Advances in Industrial Control},
  url={https://books.google.com/books?id=9knheIFml3IC},
  year={2012},
  publisher={Springer London}
}

@book{hirose1993biologically,
  title={Biologically inspired robots: snake-like locomotors and manipulators},
  author={Hirose, S.},
  isbn={9780198562610},
  lccn={92034986},
  series={Oxford science publications},
  url={https://books.google.com/books?id=TaIQAQAAMAAJ},
  year={1993},
  publisher={Oxford University Press}
}

@book{geradin2001flexible,
  title={Flexible multibody dynamics: a finite element approach},
  author={G{\'e}radin, M. and Cardona, A.},
  isbn={9780471489900},
  lccn={00043685},
  url={https://books.google.com/books?id=tEZSAAAAMAAJ},
  year={2001},
  publisher={John Wiley}
}


@book{wildberger2005,
  title={Divine Proportions: Rational Trigonometry to Universal Geometry},
  author={Wildberger, N. J.},
  isbn={0-9757492-0-X},
  url={http://www.amazon.com/Divine-Proportions-Rational-Trigonometry-Universal/dp/097574920X/ref=sr_1_1?ie=UTF8&s=books&qid=1268101484&sr=1-1},
  year={2005},
  publisher={Wild Egg Books, Sydney, Australia}
}



@article{paul2006,
  author  = {Paul, Chandan and Valero-Cuevas, Francisco J. and Lipson, Hod},
  title   = {Design and Control of Tensegrity Robots for Locomotion},
  journal = {IEEE Transactions on Robotics},
  year    = 2006,
  number  = 5,
  pages   = {944-957},
  month   = 10,
  volume  = 22
}

@inproceedings{sanderson1996modular,
  title={Modular robotics: Design and examples},
  author={Sanderson, Arthur C},
  booktitle={Emerging Technologies and Factory Automation, 1996. EFTA'96. Proceedings., 1996 IEEE Conference on},
  volume={2},
  pages={460--466},
  year={1996},
  organization={IEEE}
}

@inproceedings{lee1999dynamics,
  title={Dynamics and distributed control of Tetrobot modular robots},
  author={Lee, Woo Ho and Sanderson, Arthur C},
  booktitle={Robotics and Automation, 1999. Proceedings. 1999 IEEE International Conference on},
  volume={4},
  pages={2704--2710},
  year={1999},
  organization={IEEE}
}

@article{lee2002dynamic,
  title={Dynamic rolling locomotion and control of modular robots},
  author={Lee, Woo Ho and Sanderson, Arthur C},
  journal={IEEE Transactions on robotics and automation},
  volume={18},
  number={1},
  pages={32--41},
  year={2002},
  publisher={IEEE}
}

@misc{NTRT,
  title = {{NTRT - NASA Tensegrity Robotics Toolkit}},
  howpublished = {\url{https://ti.arc.nasa.gov/tech/asr/intelligent-robotics/tensegrity/ntrt/}},
  note = {Accessed: 2016-09-13}
}

@book{TetrobotBook,
  title={Tetrobot: A Modular Approach to Reconfigurable Parallel Robotics},
  author={Hamlin, Gregory J. and Sanderson, Arthur C.},
  isbn={9781461554714},
  url={https://play.google.com/store/books/details?id=izrSBwAAQBAJ},
  year={2013},
  publisher={Springer Science \& Business Media}
}

@article{coxeter1985simplicial,
  title={The simplicial helix and the equation tannt= ntant},
  author={Coxeter, HSM and others},
  journal={Canad. Math. Bull},
  volume={28},
  number={4},
  pages={385--393},
  year={1985},
  publisher={Citeseer}
}

@article{sadler2013periodic,
  title={Periodic modification of the Boerdijk-Coxeter helix (tetrahelix)},
  author={Sadler, Garrett and Fang, Fang and Kovacs, Julio and Irwin, Klee},
  journal={arXiv preprint arXiv:1302.1174},
  year={2013}
}

@misc{mikulas1985sequentially,
  title={Sequentially deployable maneuverable tetrahedral beam},
  author={Mikulas, M.M. and Crawford, R.F.},
  url={https://www.google.com/patents/US4557097},
  year={1985},
  month=dec # "~10",
  publisher={Google Patents},
  note={US Patent 4,557,097}
}

@misc{claypool2012readily,
  title={Readily configured and reconfigured structural trusses based on tetrahedrons as modules},
  author={Claypool, J.P.},
  url={https://www.google.com/patents/US8266864},
  year={2012},
  month=sep # "~18",
  publisher={Google Patents},
  note={US Patent 8,266,864}
}





@book{wildberger2005,
  title={Divine Proportions: Rational Trigonometry to Universal Geometry},
  author={Wildberger, N. J.},
  isbn={0-9757492-0-X},
  url={http://www.amazon.com/Divine-Proportions-Rational-Trigonometry-Universal/dp/097574920X/ref=sr_1_1?ie=UTF8&s=books&qid=1268101484&sr=1-1},
  year={2005},
  publisher={Wild Egg Books, Sydney, Australia}
}


@inproceedings{mirletz2014,
  title={Design and Control of Modular Spine-Like Tensgrity Structures},
  author={Mirletz, Brian T. and Park, In-Won and Flemons, Thomas E. and Agogino, Adrian K. and Quinn, Roger D. and SunSpiral, Vytas},
  year={2014},
  booktitle={World Conference of the International Association for Structural Control and Monitoring (IACSM)},
  month={July},
  organization={IACSM},
  url={https://ntrs.nasa.gov/search.jsp?R=20160005274}
}


@article{coxeter1985simplicial,
  title={The simplicial helix and the equation tan(n $\theta$) = n tan($\theta$)},
  author={Coxeter, HSM and others},
  journal={Canad. Math. Bull},
  volume={28},
  number={4},
  pages={385--393},
  year={1985},
  publisher={Citeseer}
}

@article{sadler2013periodic,
  title={Periodic modification of the {Boerdijk-Coxeter} helix (tetrahelix)},
  author={Sadler, Garrett and Fang, Fang and Kovacs, Julio and Irwin, Klee},
  journal={arXiv preprint arXiv:1302.1174},
  eprint= {1302.1174},
  eprintclass={math.MG},
  year={2013}
}

@misc{mikulas1985sequentially,
  title={Sequentially deployable maneuverable tetrahedral beam},
  author={Mikulas, M.M. and Crawford, R.F.},
  url={https://www.google.com/patents/US4557097},
  year={1985},
  month=dec # "~10",
  publisher={Google Patents},
  note={{US} Patent 4,557,097}
}

@misc{graytetrahelix,
  title = {Tetrahelix Data},
  year={2017},
  howpublished = {\url{http://www.rwgrayprojects.com/rbfnotes/helix/helix01.html}},
  url={http://www.rwgrayprojects.com/rbfnotes/helix/helix01.html},
  urldate = {Accessed: 2017-04-08},
  author={R. W. Gray}
}

@unpublished{readglussbot,
title={{Gluss = Slug + Truss}},
author={Read, R. L.},
url={https://github.com/PubInv/tetrobot/blob/gh-pages/doc/Gluss.pdf},
note={Unpublished preprint},
year={2016},
urldate = {2016-10-27}
}


@INPROCEEDINGS{HamlinSandersonCMS,
author={G. J. Hamlin and A. C. Sanderson},
booktitle={Proceedings of the 1994 IEEE International Conference on Robotics and Automation},
title={A novel concentric multilink spherical joint with parallel robotics applications},
year={1994},
pages={1267-1272 vol.2},
keywords={kinematics;mobile robots;position control;Stewart platforms;TETRA2 robot;concentric multilink spherical joint;parallel robot;spatial mechanism;variable geometry truss manipulators;walking robot;Application software;Collision mitigation;Computational geometry;Couplings;Fasteners;Hydraulic actuators;Kinematics;Legged locomotion;Manipulators;Parallel robots},
doi={10.1109/ROBOT.1994.351313},
month={May},}


@article{chen2017soft,
  title={Soft spherical tensegrity robot design using rod-centered actuation and control},
  author={Chen, Lee-Huang and Kim, Kyunam and Tang, Ellande and Li, Kevin and House, Richard and Zhu, Edward Liu and Fountain, Kimberley and Agogino, Alice M and Agogino, Adrian and Sunspiral, Vytas and others},
  journal={Journal of Mechanisms and Robotics},
  volume={9},
  number={2},
  pages={025001},
  year={2017},
  publisher={American Society of Mechanical Engineers}
}
@article{gezgin2017new,
  title={A New Approach to the Generation of Retractable Plate Structures Based on One-Uniform Tessellations},
  author={Gezgin, Aylin Gazi and Korkmaz, Koray},
  journal={Journal of Mechanisms and Robotics},
  volume={9},
  number={4},
  pages={041015},
  year={2017},
  publisher={American Society of Mechanical Engineers}
}


@misc{ wiki:wolog,
  author = {{Without Loss of Generality}},
  title = "Without Loss of Generality --- {W}ikipedia{,} The Free Encyclopedia",
  year = "2017",
  urldate = {2017-10-08},
  url = "https://en.wikipedia.org/w/index.php?title=Without_loss_of_generality&oldid=804419966",
  note = "[Online; accessed 5-March-2018]"
}

@Misc{tetrahelixvideo,
  author =   {Read, Robert L. },
  title =    {{U}twisting the {T}etrahelix},
  howpublished = {\url{https://www.youtube.com/watch?v=yGc-G4YFTxo}},
  month =    {May},
  day =          28,
  year =     2017
}

@misc{firstperson,
author = {Joshi, Yattendra},
  howpublished = {\url{https://www.editage.com/insights/is-it-acceptable-to-use-first-person-pronouns-in-scientific-writing}},
  month =    {January},
  day =          24,
  year =     2014,
    note = "[Online; accessed 8-March-2018]"
    }

url = "https://www.editage.com/insights/is-it-acceptable-to-use-first-person-pronouns-in-scientific-writing",
}

@misc{readtetrahelix,
  title = {Untwisting the Tetrahelix Website},
  year={2017},
  howpublished = {\url{https://pubinv.github.io/tetrahelix/}},
  url={https://pubinv.github.io/tetrahelix/},
  urldate = {2017-04-08},
  author={Read, R. L.}
}


@article{lord2002helical,
  title={Helical structures: the geometry of protein helices and nanotubes},
  author={Lord, Eric A},
  journal={Structural Chemistry},
  volume={13},
  number={3-4},
  pages={305--314},
  year={2002},
  publisher={Springer}
}

@article{read2018transforming,
  title={Transforming Optimal Tetrahelices between the Boerdijk-Coxeter Helix and a Planar-faced Tetrahelix},
  author={Read, Robert},
  journal={Journal of Mechanisms and Robotics},
  month={June},
  year={2018}
}

@incollection{gu2012research,
  title={Research on Discrete Mathematical Model of Special Helical Surface},
  author={Gu, Lizhi and Lei, Peng and Hong, Qi},
  booktitle={Green Communications and Networks},
  pages={793--800},
  year={2012},
  publisher={Springer}
}


@article{elgersma2016quadrahelix,
  title={The Quadrahelix: A Nearly Perfect Loop of Tetrahedra},
  author={Elgersma, Michael and Wagon, Stan},
  journal={arXiv preprint arXiv:1610.00280},
  year={2016}
}

@book{babiker2012combinatorial,
  title={Combinatorial cycles of tetrahedral chains},
  author={Babiker, Hassan and Janeczko, Stanis{\l}aw},
  year={2012},
  publisher={IM PAN}
}

@article{lord2001sphere,
  title={Sphere packing, helices and the polytope $\{$3, 3, 5$\}$},
  author={Lord, EA and Ranganathan, S},
  journal={The European Physical Journal D-Atomic, Molecular, Optical and Plasma Physics},
  volume={15},
  number={3},
  pages={335--343},
  year={2001},
  publisher={Springer}
}

@article{lord2004gamma,
  title={The $\gamma$-brass structure and the Boerdijk--Coxeter helix},
  author={Lord, EA and Ranganathan, S},
  journal={Journal of non-crystalline solids},
  volume={334},
  pages={121--125},
  year={2004},
  publisher={Elsevier}
}

@book{hyde1996language,
  title={The language of shape: the role of curvature in condensed matter: physics, chemistry and biology},
  author={Hyde, Stephen and Blum, Z and Landh, T and Lidin, S and Ninham, BW and Andersson, S and Larsson, K},
  year={1996},
  publisher={Elsevier}
}

@book{sadoc2006geometrical,
  title={Geometrical frustration},
  author={Sadoc, Jean-Fran{\c{c}}ois and Mosseri, R{\'e}my},
  year={2006},
  publisher={Cambridge University Press}
}

@article{kahn1989defining,
  title={Defining the axis of a helix},
  author={Kahn, Peter C},
  journal={Computers \& chemistry},
  volume={13},
  number={3},
  pages={185--189},
  year={1989},
  publisher={Elsevier}
}


@book{prusinkiewicz2013lindenmayer,
  title={Lindenmayer systems, fractals, and plants},
  author={Prusinkiewicz, Przemyslaw and Hanan, James},
  volume={79},
  year={2013},
  publisher={Springer Science \& Business Media}
}

@MISC{read2019mathathon,
   author =       {Read, Robert L.},
   title =        {The Story of a Public, Cooperative Mathathon},
   editor =       {hackernoon.com},
   month =        {December},
   year =         {2019},
   url = {https://hackernoon.com/the-story-of-a-public-cooperative-mathathon-29ea5f4ff538},
   note =         {[Online; posted 12-December-2019]},
 }

@book{wittenburg2016kinematics,
  title={Kinematics: theory and applications},
  author={Wittenburg, Jens},
  year={2016},
  publisher={Springer}
}

@book{pearce1990structure,
  title={Structure in Nature is a Strategy for Design},
  author={Pearce, Peter},
  year={1990},
  publisher={MIT press}
}

@article{funda1990computational,
  title={A computational analysis of screw transformations in robotics},
  author={Funda, Janez and Paul, Richard P},
  journal={IEEE Transactions on Robotics and Automation},
  volume={6},
  number={3},
  pages={348--356},
  year={1990},
  publisher={IEEE}
}

@misc{abbasi2015review,
  title={Review of the geomety of screw Axes},
  author={Nasser M. Abbasi},
  url={http://www.12000.org/my_notes/screw_axis/index.htm#x1-190006},
  year={2015},
  month="June",
}

@misc{ wiki:screwaxis,
    author = "{Wikipedia contributors}",
    title = "Screw axis --- {Wikipedia}{,} The Free Encyclopedia",
    year = "2019",
    url = "https://en.wikipedia.org/w/index.php?title=Screw_axis&oldid=893454052",
    note = "[Online; accessed 6-June-2019]"
  }

@book{dirksen2013learning,
  title={Learning Three. js: the JavaScript 3D library for WebGL},
  author={Dirksen, Jos},
  year={2013},
  publisher={Packt Publishing Ltd}
}

@misc{ wiki:helixangle,
    author = "{Wikipedia contributors}",
    title = "Helix angle --- {Wikipedia}{,} The Free Encyclopedia",
    year = "2019",
    url = "https://en.wikipedia.org/w/index.php?title=Helix_angle&oldid=899500445",
    note = "[Online; accessed 17-June-2019]"
  }

@misc{ wiki:chasles,
    author = "{Wikipedia contributors}",
    title = "Chasles' theorem (kinematics) --- {Wikipedia}{,} The Free Encyclopedia",
    year = "2018",
    url = "https://en.wikipedia.org/w/index.php?title=Chasles%27_theorem_(kinematics)&oldid=868689726",
    note = "[Online; accessed 19-June-2019]"
  }

@misc{ wiki:rigid,
    author = "{Wikipedia contributors}",
    title = "Rigid transformation --- {Wikipedia}{,} The Free Encyclopedia",
    year = "2019",
    url = "https://en.wikipedia.org/w/index.php?title=Rigid_transformation&oldid=896102735",
    note = "[Online; accessed 21-June-2019]"
  }

@misc{ wiki:rotation,
    author = "{Wikipedia contributors}",
    title = "Rotation matrix --- {Wikipedia}{,} The Free Encyclopedia",
    year = "2019",
    url = "https://en.wikipedia.org/w/index.php?title=Rotation_matrix&oldid=902636794",
    note = "[Online; accessed 21-June-2019]"
  }

@misc{Mathematica,
  author = {Wolfram Research{,} Inc.},
  title = {Mathematica, {V}ersion 12.0},
  note = {Champaign, IL, 2019}
}

@misc{segmentedhelixmathfile,
  title = {Segmented Helix JavaScript Code},
  year={2019},
  howpublished = {\url{https://github.com/PubInv/segmented-helixes/blob/master/js/segment_helix_math.js}},
  url={https://github.com/PubInv/segmented-helixes/blob/master/js/segment_helix_math.js},
  urldate = {2019-06-26},
  author={Read, Robert L.}
}


@misc{segmentedhelixinteractive,
  title = {Segmented Helix Interactive 3D Calculator},
  year={2019},
  howpublished = {\url{https://pubinv.github.io/segmented-helixes/index.html}},
  url={https://pubinv.github.io/segmented-helixes/index.html},
  urldate = {2019-06-26},
  author={Read, Robert L.}
}


@misc{ wiki:helicalwheel,
    author = "{Wikipedia contributors}",
    title = "Helical wheel --- {Wikipedia}{,} The Free Encyclopedia",
    year = "2018",
    url = "https://en.wikipedia.org/w/index.php?title=Helical_wheel&oldid=867555149",
    note = "[Online; accessed 13-July-2019]"
  }

@misc{ wiki:toroidalpolyhedra,
    author = "{Wikipedia contributors}",
    title = "Toroidal polyhedron --- {Wikipedia}{,} The Free Encyclopedia",
    year = "2018",
    url = "https://en.wikipedia.org/w/index.php?title=Toroidal_polyhedron&oldid=865624342",
    note = "[Online; accessed 13-July-2019]"
  }
